<record><leader>00000cas a22000007a 4500</leader><controlfield tag="001">10102481</controlfield><controlfield tag="008">831107d18881889ksuwr ne      0   a0eng d</controlfield><datafield ind1=" " ind2=" " tag="010"><subfield code="a">sn 83040809 </subfield></datafield><datafield ind1=" " ind2=" " tag="040"><subfield code="a">KSH</subfield><subfield code="b">eng</subfield><subfield code="c">KSH</subfield><subfield code="d">NPT</subfield><subfield code="d">OCLCQ</subfield></datafield><datafield ind1=" " ind2=" " tag="042"><subfield code="a">msc</subfield></datafield><datafield ind1=" " ind2=" " tag="043"><subfield code="a">n-us-ks</subfield></datafield><datafield ind1="0" ind2="0" tag="245"><subfield code="a">Oak Hill echo.</subfield></datafield><datafield ind1=" " ind2=" " tag="260"><subfield code="a">Oak Hill, Kan. :</subfield><subfield code="b">F.O. Cline</subfield></datafield><datafield ind1=" " ind2=" " tag="300"><subfield code="a">v. :</subfield><subfield code="b">ill. (chiefly advertisements) ;</subfield><subfield code="c">54-60 cm.</subfield></datafield><datafield ind1=" " ind2=" " tag="310"><subfield code="a">Weekly</subfield></datafield><datafield ind1="1" ind2=" " tag="362"><subfield code="a">Began in 1888.</subfield><subfield code="z">Cf. Ayer, 1888.</subfield></datafield><datafield ind1="1" ind2=" " tag="362"><subfield code="a">Ceased in 1889?</subfield></datafield><datafield ind1=" " ind2=" " tag="500"><subfield code="a">Editor: J.C. Cline.</subfield></datafield><datafield ind1=" " ind2=" " tag="530"><subfield code="a">Available on microfilm from Micro Photo.</subfield></datafield><datafield ind1=" " ind2=" " tag="588"><subfield code="a">Description based on: Vol. 1, no. 49 (Apr. 12, 1889).</subfield></datafield><datafield ind1="1" ind2=" " tag="700"><subfield code="a">Cline, F. O.</subfield></datafield><datafield ind1="1" ind2=" " tag="700"><subfield code="a">Cline, J. C.</subfield></datafield><datafield ind1=" " ind2=" " tag="752"><subfield code="a">United States</subfield><subfield code="b">Kansas</subfield><subfield code="c">Clay</subfield><subfield code="d">Oak Hill.</subfield></datafield><datafield ind1="1" ind2=" " tag="029"><subfield code="a">AU@</subfield><subfield code="b">000025804242</subfield></datafield></record>